<collection xmlns="http://www.loc.gov/MARC21/slim">
<record>
  <leader>01284nam0a22002531i 450 </leader>
  <controlfield tag="001">IT\ICCU\CNCE\021453</controlfield>
  <controlfield tag="005">20100520000000.0</controlfield>
  <datafield tag="012" ind1=" " ind2=" ">
    <subfield code="a">niie cihe iaon reci (C) 1579 (R)</subfield>
    <subfield code="2">fei</subfield>
  </datafield>
  <datafield tag="100" ind1=" " ind2=" ">
    <subfield code="a">19970101d1579        0itac0103    ba</subfield>
  </datafield>
  <datafield tag="101" ind1=" " ind2=" ">
    <subfield code="a">ITA</subfield>
  </datafield>
  <datafield tag="102" ind1=" " ind2=" ">
    <subfield code="a">IT</subfield>
  </datafield>
  <datafield tag="200" ind1="1" ind2=" ">
    <subfield code="a">Institutione e fundatione dell&apos;ordine della santissima, e indiuidua Trinit ̉della redentione de cattiui ... Per fra Pietro Gonzales de Carauaxal ministro del monasterio della santissima Trinit ̉in Napoli con le indulgenze, hora nouamente confirmate per il n.s. papa Gregorio XIII</subfield>
  </datafield>
  <datafield tag="210" ind1=" " ind2=" ">
    <subfield code="e">In Napoli</subfield>
    <subfield code="g">appresso gli heredi di Mattio Cancer</subfield>
    <subfield code="h">1579</subfield>
  </datafield>
  <datafield tag="215" ind1=" " ind2=" ">
    <subfield code="a">\12! c.</subfield>
    <subfield code="d">8ʻ</subfield>
  </datafield>
  <datafield tag="620" ind1=" " ind2=" ">
    <subfield code="a">IT</subfield>
    <subfield code="d">Napoli</subfield>
  </datafield>
  <datafield tag="710" ind1="0" ind2="2">
    <subfield code="a">Trinitari</subfield>
    <subfield code="3">7432</subfield>
  </datafield>
  <datafield tag="702" ind1=" " ind2="1">
    <subfield code="a">Gonzalez de Carvajal,</subfield>
    <subfield code="b">Pedro</subfield>
    <subfield code="3">IT\ICCU\CNCA\006207</subfield>
  </datafield>
  <datafield tag="712" ind1="0" ind2="0">
    <subfield code="a">Cancer, Mattia - eredi</subfield>
    <subfield code="3">IT\ICCU\CNCT\000674</subfield>
    <subfield code="4">650</subfield>
  </datafield>
  <datafield tag="791" ind1="0" ind2="2">
    <subfield code="a">Ordine della santissima e individua Trinit ̉della redentione dei cattivi</subfield>
    <subfield code="3">24890</subfield>
    <subfield code="z">Trinitari</subfield>
  </datafield>
  <datafield tag="791" ind1="0" ind2="2">
    <subfield code="a">Ordo Sanctissimae Trinitatis Redemptionis captiuorum</subfield>
    <subfield code="3">24891</subfield>
    <subfield code="z">Trinitari</subfield>
  </datafield>
  <datafield tag="791" ind1="0" ind2="2">
    <subfield code="a"></subfield>
    <subfield code="3">24892</subfield>
    <subfield code="z">Trinitari</subfield>
  </datafield>
  <datafield tag="790" ind1=" " ind2="1">
    <subfield code="a">Gonzales de Carauaxal,</subfield>
    <subfield code="b">Pietro</subfield>
    <subfield code="3">IT\ICCU\CNCA\020083</subfield>
    <subfield code="z">Gonzalez de Carvajal, Pedro</subfield>
  </datafield>
  <datafield tag="801" ind1=" " ind2="3">
    <subfield code="a">IT</subfield>
    <subfield code="b">ICCU</subfield>
    <subfield code="c">20201114</subfield>
  </datafield>
  <datafield tag="899" ind1=" " ind2=" ">
    <subfield code="a">Biblioteca Apostolica Vaticana. Citt ̉del Vaticano</subfield>
    <subfield code="1">EX0001</subfield>
    <subfield code="2">ZCV 01</subfield>
  </datafield>
</record>
</collection>
